@IEEEtranBSTCTL{IEEEexample:BSTcontrol,
  CTLdash_repeated_names = "no"
}
@article{brunton2016pnas,
  title = {Discovering governing equations from data by sparse identification of nonlinear dynamical systems},
  author = {Brunton, Steven L. and Proctor, Joshua L. and Kutz, J. Nathan},
  journal = {Proceedings of the National Academy of Sciences},
  volume = {113},
  number = {15},
  pages = {3932--3937},
  year = {2016},
  publisher = {National Academy of Sciences},
  doi = {10.1073/pnas.1517384113}
}

@article{lange2021fourier,
  title={From {F}ourier to {K}oopman: Spectral methods for long-term time series prediction},
  author={Lange, Henning and Brunton, Steven L and Kutz, J Nathan},
  journal={The Journal of Machine Learning Research},
  volume={22},
  number={1},
  pages={1881--1918},
  year={2021},
  publisher={JMLRORG}
}
@article{xiong2023koopmanlab,
  title={Koopman{L}ab: A PyTorch module of {K}oopman neural operator family for solving partial differential equations},
  author={Xiong, Wei and Ma, Muyuan and Sun, Pei and Tian, Yang},
  journal={arXiv preprint arXiv:2301.01104},
  year={2023}
}
@article{abraham2019active,
  title={Active learning of dynamics for data-driven control using {K}oopman operators},
  author={Abraham, Ian and Murphey, Todd D},
  journal={IEEE Transactions on Robotics},
  volume={35},
  number={5},
  pages={1071--1083},
  year={2019},
  publisher={IEEE}
}
@article{mamakoukas2021derivative,
  title={Derivative-based {K}oopman operators for real-time control of robotic systems},
  author={Mamakoukas, Giorgos and Castano, Maria L and Tan, Xiaobo and Murphey, Todd D},
  journal={IEEE Transactions on Robotics},
  volume={37},
  number={6},
  pages={2173--2192},
  year={2021},
  publisher={IEEE}
}
@article{pan2020structure,
  title={On the structure of time-delay embedding in linear models of non-linear dynamical systems},
  author={Pan, Shaowu and Duraisamy, Karthik},
  journal={Chaos: An Interdisciplinary Journal of Nonlinear Science},
  volume={30},
  number={7},
  pages={073135},
  year={2020},
  publisher={AIP Publishing LLC}
}
@article{kingma2014adam,
  title={Adam: A method for stochastic optimization},
  author={Kingma, Diederik P and Ba, Jimmy},
  journal={arXiv preprint arXiv:1412.6980},
  year={2014}
}
@book{nocedal1999numerical,
  title={Numerical optimization},
  author={Nocedal, Jorge and Wright, Stephen J},
  year={1999},
  publisher={Springer}
}
@article{wright1999numerical,
  title={Numerical optimization},
  author={Wright, Stephen and Nocedal, Jorge and others},
  journal={Springer Science},
  volume={35},
  number={67-68},
  pages={7},
  year={1999}
}
@article{ljung2010arc,
  title={Perspectives on system identification},
  author={Ljung, Lennart},
  journal={Annual Reviews in Control},
  volume={34},
  number={1},
  pages={1--12},
  year={2010},
  publisher={Elsevier}
}
@incollection{Nelles2013book,
  title={Nonlinear Dynamic System Identification},
  author={Nelles, Oliver},
  booktitle={Nonlinear System Identification},
  pages={831--891},
  year={2020},
  publisher={Springer}
}
@book{Brunton2019book,
  title={Data-driven science and engineering: Machine learning, dynamical systems, and control},
  author={{Brunton}, Steven L. and Kutz, J Nathan},
  year={2022},
  publisher={Cambridge University Press}
}
@article{bagheri2013koopman,
  title={Koopman-mode decomposition of the cylinder wake},
  author={Bagheri, Shervin},
  journal={Journal of Fluid Mechanics},
  volume={726},
  pages={596--623},
  year={2013},
  publisher={Cambridge University Press}
}
@article{Akaike1969annals,
  title={Fitting autoregressive models for prediction},
  author={Akaike, Hirotugu},
  journal={Annals of the institute of Statistical Mathematics},
  volume={21},
  number={1},
  pages={243--247},
  year={1969},
  publisher={Springer}
}
@article{koopman1931pnas,
  title={Hamiltonian systems and transformation in {H}ilbert space},
  author={Koopman, Bernard O},
  journal={Proceedings of the National Academy of Sciences},
  volume={17},
  number={5},
  pages={315--318},
  year={1931},
  publisher={National Acad Sciences}
}
@article{korda2020optimal,
  title={Optimal construction of {K}oopman eigenfunctions for prediction and control},
  author={Korda, Milan and Mezi{\'c}, Igor},
  journal={IEEE Transactions on Automatic Control},
  volume={65},
  number={12},
  pages={5114--5129},
  year={2020},
  publisher={IEEE}
}
@article{proctor2016dynamic,
  title={Dynamic mode decomposition with control},
  author={Proctor, Joshua L and Brunton, Steven L and Kutz, J Nathan},
  journal={SIAM Journal on Applied Dynamical Systems},
  volume={15},
  number={1},
  pages={142--161},
  year={2016},
  publisher={SIAM}
}
@article{rowley2009spectral,
  title={Spectral analysis of nonlinear flows},
  author={Rowley, Clarence W and Mezi{\'c}, Igor and Bagheri, Shervin and Schlatter, Philipp and Henningson, Dan S},
  journal={Journal of fluid mechanics},
  volume={641},
  pages={115--127},
  year={2009},
  publisher={Cambridge University Press}
}
@phdthesis{tu2014jcd,
  title={Dynamic mode decomposition: Theory and applications},
  author={Tu, Jonathan H},
  year={2013},
  school={Princeton University}
}
@article{Daniels2015naturecomm,
  title={Automated adaptive inference of phenomenological dynamical models},
  author={Daniels, Bryan C and Nemenman, Ilya},
  journal={Nature communications},
  volume={6},
  number={1},
  pages={1--8},
  year={2015},
  publisher={Nature Publishing Group}
}
@article{schmidt_distilling_2009,
  title={Distilling free-form natural laws from experimental data},
  author={Schmidt, Michael and Lipson, Hod},
  journal={science},
  volume={324},
  number={5923},
  pages={81--85},
  year={2009},
  publisher={American Association for the Advancement of Science}
}
@article{bongard_automated_2007,
  title={Automated reverse engineering of nonlinear dynamical systems},
  author={Bongard, Josh and Lipson, Hod},
  journal={Proceedings of the National Academy of Sciences},
  volume={104},
  number={24},
  pages={9943--9948},
  year={2007},
  publisher={National Acad Sciences}
}
@article{Yair2017pnas,
  title={Reconstruction of normal forms by learning informed observation geometries from data},
  author={Yair, Or and Talmon, Ronen and Coifman, Ronald R and Kevrekidis, Ioannis G},
  journal={Proceedings of the National Academy of Sciences},
  volume={114},
  number={38},
  pages={E7865--E7874},
  year={2017},
  publisher={National Acad Sciences}
}
@article{pan2020physics,
  title={Physics-informed probabilistic learning of linear embeddings of nonlinear dynamics with guaranteed stability},
  author={Pan, Shaowu and Duraisamy, Karthik},
  journal={SIAM Journal on Applied Dynamical Systems},
  volume={19},
  number={1},
  pages={480--509},
  year={2020},
  publisher={SIAM}
}
@article{bruder2021advantages,
  title={Advantages of bilinear {K}oopman realizations for the modeling and control of systems with unknown dynamics},
  author={Bruder, Daniel and Fu, Xun and Vasudevan, Ram},
  journal={IEEE Robotics and Automation Letters},
  volume={6},
  number={3},
  pages={4369--4376},
  year={2021},
  publisher={IEEE}
}
@article{Giannakis2012pnas,
  title={Nonlinear Laplacian spectral analysis for time series with intermittency and low-frequency variability},
  author={Giannakis, Dimitrios and Majda, Andrew J},
  journal={Proceedings of the National Academy of Sciences},
  volume={109},
  number={7},
  pages={2222--2227},
  year={2012},
  publisher={National Acad Sciences}
}
@article{qian2020lift,
  title={Lift \& learn: Physics-informed machine learning for large-scale nonlinear dynamical systems},
  author={Qian, Elizabeth and Kramer, Boris and Peherstorfer, Benjamin and Willcox, Karen},
  journal={Physica D: Nonlinear Phenomena},
  volume={406},
  pages={132401},
  year={2020},
  publisher={Elsevier}
}
@article{peherstorfer2016data,
  title={Data-driven operator inference for nonintrusive projection-based model reduction},
  author={Peherstorfer, Benjamin and Willcox, Karen},
  journal={Computer Methods in Applied Mechanics and Engineering},
  volume={306},
  pages={196--215},
  year={2016},
  publisher={Elsevier}
}
@article{Benner2015siamreview,
  title={A survey of projection-based model reduction methods for parametric dynamical systems},
  author={Benner, Peter and Gugercin, Serkan and Willcox, Karen},
  journal={SIAM review},
  volume={57},
  number={4},
  pages={483--531},
  year={2015},
  publisher={SIAM}
}

@article{raissi2017parametric,
  title={Parametric Gaussian process regression for big data},
  author={Raissi, Maziar and Babaee, Hessam and Karniadakis, George Em},
  journal={Computational Mechanics},
  volume={64},
  pages={409--416},
  year={2019},
  publisher={Springer}
}
@article{raissi2020science,
  title={Hidden fluid mechanics: Learning velocity and pressure fields from flow visualizations},
  author={Raissi, Maziar and Yazdani, Alireza and Karniadakis, George Em},
  journal={Science},
  volume={367},
  number={6481},
  pages={1026--1030},
  year={2020},
  publisher={American Association for the Advancement of Science}
}
@article{Champion2019pnas,
  title={Data-driven discovery of coordinates and governing equations},
  author={Champion, Kathleen and Lusch, Bethany and Kutz, J Nathan and Brunton, Steven L},
  journal={Proceedings of the National Academy of Sciences},
  volume={116},
  number={45},
  pages={22445--22451},
  year={2019},
  publisher={National Acad Sciences}
}
@article{lu2019deepxde,
  title={DeepXDE: A deep learning library for solving differential equations},
  author={Lu, Lu and Meng, Xuhui and Mao, Zhiping and Karniadakis, George Em},
  journal={SIAM Review},
  volume={63},
  number={1},
  pages={208--228},
  year={2021},
  publisher={SIAM}
}
@article{pathak2018model,
  title={Model-free prediction of large spatiotemporally chaotic systems from data: A reservoir computing approach},
  author={Pathak, Jaideep and Hunt, Brian and Girvan, Michelle and Lu, Zhixin and Ott, Edward},
  journal={Physical review letters},
  volume={120},
  number={2},
  pages={024102},
  year={2018},
  publisher={APS}
}
@article{vlachas2018data,
  title={Data-driven forecasting of high-dimensional chaotic systems with long short-term memory networks},
  author={Vlachas, Pantelis R and Byeon, Wonmin and Wan, Zhong Y and Sapsis, Themistoklis P and Koumoutsakos, Petros},
  journal={Proceedings of the Royal Society A: Mathematical, Physical and Engineering Sciences},
  volume={474},
  number={2213},
  pages={20170844},
  year={2018},
  publisher={The Royal Society Publishing}
}
@article{Mardt2018natcomm,
  title={VAMPnets for deep learning of molecular kinetics},
  author={Mardt, Andreas and Pasquali, Luca and Wu, Hao and No{\'e}, Frank},
  journal={Nature communications},
  volume={9},
  number={1},
  pages={1--11},
  year={2018},
  publisher={Nature Publishing Group}
}

@inproceedings{weissenbacher2022koopman,
  title={Koopman Q-learning: Offline Reinforcement Learning via Symmetries of Dynamics},
  author={Weissenbacher, Matthias and Sinha, Samarth and Garg, Animesh and Yoshinobu, Kawahara},
  booktitle={International Conference on Machine Learning},
  pages={23645--23667},
  year={2022},
  organization={PMLR}
}
@article{goswami2021bilinearization,
  title={Bilinearization, reachability, and optimal control of control-affine nonlinear systems: A {K}oopman spectral approach},
  author={Goswami, Debdipta and Paley, Derek A},
  journal={IEEE Transactions on Automatic Control},
  volume={67},
  number={6},
  pages={2715--2728},
  year={2021},
  publisher={IEEE}
}
@article{arbabi2017study,
  title={Study of dynamics in post-transient flows using {K}oopman mode decomposition},
  author={Arbabi, Hassan and Mezi{\'c}, Igor},
  journal={Physical Review Fluids},
  volume={2},
  number={12},
  pages={124402},
  year={2017},
  publisher={APS}
}
@article{de2020pysindy,
  title={Pysindy: a python package for the sparse identification of nonlinear dynamics from data},
  author={de Silva, Brian M and Champion, Kathleen and Quade, Markus and Loiseau, Jean-Christophe and Kutz, J Nathan and Brunton, Steven L},
  journal={arXiv preprint arXiv:2004.08424},
  year={2020}
}
@software{dahdah_pykoop_2022,
    title={{decargroup/pykoop}},
    doi={10.5281/zenodo.5576490},
    url={https://github.com/decargroup/pykoop},
    publisher={Zenodo},
    author={Steven Dahdah and James Richard Forbes},
    version = {{v1.1.4}},
    year={2022},
}
@article{Wehmeyer2018jcp,
  title={Time-lagged autoencoders: Deep learning of slow collective variables for molecular kinetics},
  author={Wehmeyer, Christoph and No{\'e}, Frank},
  journal={The Journal of chemical physics},
  volume={148},
  number={24},
  pages={241703},
  year={2018},
  publisher={AIP Publishing LLC}
}
@inproceedings{long2017pde,
  title={Pde-net: Learning pdes from data},
  author={Long, Zichao and Lu, Yiping and Ma, Xianzhong and Dong, Bin},
  booktitle={International Conference on Machine Learning},
  pages={3208--3216},
  year={2018},
  organization={PMLR}
}
@article{brunton2016koopman,
  title={Koopman invariant subspaces and finite linear representations of nonlinear dynamical systems for control},
  author={Brunton, Steven L and Brunton, Bingni W and Proctor, Joshua L and Kutz, J Nathan},
  journal={PloS one},
  volume={11},
  number={2},
  pages={e0150171},
  year={2016},
  publisher={Public Library of Science San Francisco, CA USA}
}
@book{Billings2013book,
  title={Nonlinear system identification: NARMAX methods in the time, frequency, and spatio-temporal domains},
  author={Billings, Stephen A},
  year={2013},
  publisher={John Wiley \& Sons}
}
@article{Brunton2017natcomm,
  title={Chaos as an intermittently forced linear system},
  author={Brunton, Steven L and Brunton, Bingni W and Proctor, Joshua L and Kaiser, Eurika and Kutz, J Nathan},
  journal={Nature communications},
  volume={8},
  number={1},
  pages={1--9},
  year={2017},
  publisher={Nature Publishing Group}
}
@article{mezic2004comparison,
  title={Comparison of systems with complex behavior},
  author={Mezi{\'c}, Igor and Banaszuk, Andrzej},
  journal={Physica D: Nonlinear Phenomena},
  volume={197},
  number={1-2},
  pages={101--133},
  year={2004},
  publisher={Elsevier}
}
@article{ng2023data,
  title={Data-Driven Encoding: A New Numerical Method for Computation of the {K}oopman Operator},
  author={Ng, Jerry and Asada, Haruhiko Harry},
  journal={arXiv preprint arXiv:2301.06542},
  year={2023}
}
@article{Li2017chaos,
  title={Extended dynamic mode decomposition with dictionary learning: A data-driven adaptive spectral decomposition of the {K}oopman operator},
  author={Li, Qianxiao and Dietrich, Felix and Bollt, Erik M and Kevrekidis, Ioannis G},
  journal={Chaos: An Interdisciplinary Journal of Nonlinear Science},
  volume={27},
  number={10},
  pages={103111},
  year={2017},
  publisher={AIP Publishing LLC}
}
@article{klus2017data,
  title={Data-driven model reduction and transfer operator approximation},
  author={Klus, Stefan and N{\"u}ske, Feliks and Koltai, P{\'e}ter and Wu, Hao and Kevrekidis, Ioannis and Sch{\"u}tte, Christof and No{\'e}, Frank},
  journal={Journal of Nonlinear Science},
  volume={28},
  number={3},
  pages={985--1010},
  year={2018},
  publisher={Springer}
}


@article{brunton2022modern,
author = {Brunton, Steven L. and Budi\v{s}i\'{c}, Marko and Kaiser, Eurika and Kutz, J Nathan},
title = {Modern {K}oopman Theory for Dynamical Systems},
journal = {SIAM Review},
volume = {64},
number = {2},
pages = {229-340},
year = {2022},
doi = {10.1137/21M1401243}
}


@article{klus2018data,
  title={Data-driven model reduction and transfer operator approximation},
  author={Klus, Stefan and N{\"u}ske, Feliks and Koltai, P{\'e}ter and Wu, Hao and Kevrekidis, Ioannis and Sch{\"u}tte, Christof and No{\'e}, Frank},
  journal={Journal of Nonlinear Science},
  volume={28},
  pages={985--1010},
  year={2018},
  publisher={Springer}
}
@article{chodera2014markov,
  title={Markov state models of biomolecular conformational dynamics},
  author={Chodera, John D and No{\'e}, Frank},
  journal={Current opinion in structural biology},
  volume={25},
  pages={135--144},
  year={2014},
  publisher={Elsevier}
}
@article{lorpaiboon2020integrated,
  title={Integrated variational approach to conformational dynamics: A robust strategy for identifying eigenfunctions of dynamical operators},
  author={Lorpaiboon, Chatipat and Thiede, Erik Henning and Webber, Robert J and Weare, Jonathan and Dinner, Aaron R},
  journal={The Journal of Physical Chemistry B},
  volume={124},
  number={42},
  pages={9354--9364},
  year={2020},
  publisher={ACS Publications}
}
@article{noe2013variational,
  title={A variational approach to modeling slow processes in stochastic dynamical systems},
  author={No{\'e}, Frank and Nuske, Feliks},
  journal={Multiscale Modeling \& Simulation},
  volume={11},
  number={2},
  pages={635--655},
  year={2013},
  publisher={SIAM}
}
@article{korda2018linear,
  title={Linear predictors for nonlinear dynamical systems: {K}oopman operator meets model predictive control},
  author={Korda, Milan and Mezi{\'c}, Igor},
  journal={Automatica},
  volume={93},
  pages={149--160},
  year={2018},
  publisher={Elsevier}
}
@article{nuske2014variational,
  title={Variational approach to molecular kinetics},
  author={Nuske, Feliks and Keller, Bettina G and P{\'e}rez-Hern{\'a}ndez, Guillermo and Mey, Antonia SJS and No{\'e}, Frank},
  journal={Journal of chemical theory and computation},
  volume={10},
  number={4},
  pages={1739--1752},
  year={2014},
  publisher={ACS Publications}
}
@article{otto2021koopman,
  title={Koopman operators for estimation and control of dynamical systems},
  author={Otto, Samuel E and Rowley, Clarence W},
  journal={Annual Review of Control, Robotics, and Autonomous Systems},
  volume={4},
  pages={59--87},
  year={2021},
  publisher={Annual Reviews}
}
@article{otto2019linearly,
  title={Linearly recurrent autoencoder networks for learning dynamics},
  author={Otto, Samuel E and Rowley, Clarence W},
  journal={SIAM Journal on Applied Dynamical Systems},
  volume={18},
  number={1},
  pages={558--593},
  year={2019},
  publisher={SIAM}
}
@article{surana2016linear,
  title={Linear observer synthesis for nonlinear systems using {K}oopman operator framework},
  author={Surana, Amit and Banaszuk, Andrzej},
  journal={IFAC-PapersOnLine},
  volume={49},
  number={18},
  pages={716--723},
  year={2016},
  publisher={Elsevier}
}
@article{chen2012variants,
  title={Variants of dynamic mode decomposition: boundary condition, {K}oopman, and {F}ourier analyses},
  author={Chen, Kevin K and Tu, Jonathan H and Rowley, Clarence W},
  journal={Journal of nonlinear science},
  volume={22},
  pages={887--915},
  year={2012},
  publisher={Springer}
}
@article{hemati2017biasing,
  title={De-biasing the dynamic mode decomposition for applied {K}oopman spectral analysis of noisy datasets},
  author={Hemati, Maziar S and Rowley, Clarence W and Deem, Eric A and Cattafesta, Louis N},
  journal={Theoretical and Computational Fluid Dynamics},
  volume={31},
  pages={349--368},
  year={2017},
  publisher={Springer}
}
@book{bishop2006pattern,
  title={Pattern recognition and machine learning},
  author={Bishop, Christopher M and Nasrabadi, Nasser M},
  volume={4},
  number={4},
  year={2006},
  publisher={Springer}
}
@article{kaiser2021data,
  title={Data-driven discovery of {K}oopman eigenfunctions for control},
  author={Kaiser, Eurika and Kutz, J Nathan and Brunton, Steven L},
  journal={Machine Learning: Science and Technology},
  volume={2},
  number={3},
  pages={035023},
  year={2021},
  publisher={IOP Publishing}
}
@book{mauroy2020koopman,
  title={Koopman operator in systems and control},
  author={Mauroy, Alexandre and Susuki, Y and Mezi{\'c}, I},
  year={2020},
  publisher={Springer}
}
@article{pan2021sparsity,
  title={Sparsity-promoting algorithms for the discovery of informative {K}oopman-invariant subspaces},
  author={Pan, Shaowu and Arnold-Medabalimi, Nicholas and Duraisamy, Karthik},
  journal={Journal of Fluid Mechanics},
  volume={917},
  pages={A18},
  year={2021},
  publisher={Cambridge University Press}
}
@article{lusch2018deep,
  title={Deep learning for universal linear embeddings of nonlinear dynamics},
  author={Lusch, Bethany and Kutz, J Nathan and Brunton, Steven L},
  journal={Nature communications},
  volume={9},
  number={1},
  pages={4950},
  year={2018},
  publisher={Nature Publishing Group UK London}
}
@article{klus2016jcd,
  title={On the numerical approximation of the {P}erron-{F}robenius and {K}oopman operator},
  author={Klus, Stefan and Koltai, P{\'e}ter and Sch{\"u}tte, Christof},
  journal={Journal of Computational Dynamics},
  volume={3},
  pages={51--79},
  year={2016}
}
@article{demo2018pydmd,
  title={PyDMD: Python dynamic mode decomposition},
  author={Demo, Nicola and Tezzele, Marco and Rozza, Gianluigi},
  journal={Journal of Open Source Software},
  volume={3},
  number={22},
  pages={530},
  year={2018}
}
@article{degennaro2019scalable,
  title={Scalable extended dynamic mode decomposition using random kernel approximation},
  author={DeGennaro, Anthony M and Urban, Nathan M},
  journal={SIAM Journal on Scientific Computing},
  volume={41},
  number={3},
  pages={A1482--A1499},
  year={2019},
  publisher={SIAM}
}
@article{Williams2015jnls,
  title={A data--driven approximation of the {K}oopman operator: Extending dynamic mode decomposition},
  author={Williams, Matthew O and Kevrekidis, Ioannis G and Rowley, Clarence W},
  journal={Journal of Nonlinear Science},
  volume={25},
  number={6},
  pages={1307--1346},
  year={2015},
  publisher={Springer}
}
@article{Williams2015jcd,
  title={A kernel approach to data-driven {K}oopman spectral analysis},
  author={Williams, Matthew O and Rowley, Clarence W and Kevrekidis, Ioannis G},
  journal={Journal of Computational Dynamics},
  volume={2},
  pages={247--265},
  year={2015}
}
@article{Mezic2013arfm,
  title={Analysis of fluid flows via spectral properties of the {K}oopman operator},
  author={Mezi{\'c}, Igor},
  journal={Annual Review of Fluid Mechanics},
  volume={45},
  pages={357--378},
  year={2013},
  publisher={Annual Reviews}
}
@article{Budivsic2012chaos,
  title={Applied {K}oopmanism},
  author={Budi{\v{s}}i{\'c}, Marko and Mohr, Ryan and Mezi{\'c}, Igor},
  journal={Chaos: An Interdisciplinary Journal of Nonlinear Science},
  volume={22},
  number={4},
  pages={047510},
  year={2012},
  publisher={American Institute of Physics}
}
@article{schmid2010jfm,
  title={Dynamic mode decomposition of numerical and experimental data},
  author={Schmid, Peter J},
  journal={Journal of fluid mechanics},
  volume={656},
  pages={5--28},
  year={2010},
  publisher={Cambridge University Press}
}
@book{Kutz2016book,
  title={Dynamic mode decomposition: data-driven modeling of complex systems},
  author={Kutz, J Nathan and Brunton, Steven L and Brunton, Bingni W and Proctor, Joshua L},
  year={2016},
  publisher={SIAM}
}
@article{yang2020physics,
  title={Physics-informed generative adversarial networks for stochastic differential equations},
  author={Yang, Liu and Zhang, Dongkun and Karniadakis, George Em},
  journal={SIAM Journal on Scientific Computing},
  volume={42},
  number={1},
  pages={A292--A317},
  year={2020},
  publisher={SIAM}
}
@article{zheng2018ieee,
  title = {A unified framework for sparse relaxed regularized regression: SR3},
  author = {Zheng, Peng and Askham, Travis and Brunton, Steven L. and Kutz, J. Nathan and Aravkin, Aleksandr Y.},
  journal = {IEEE Access},
  volume = {7},
  pages = {1404--1423},
  year = {2018},
  publisher = {IEEE},
  doi = {10.1109/access.2018.2886528}
}

@article{champion2020unified,
  title={A unified sparse optimization framework to learn parsimonious physics-informed models from data},
  author={Champion, Kathleen and Zheng, Peng and Aravkin, Aleksandr Y and Brunton, Steven L and Kutz, J Nathan},
  journal={IEEE Access},
  volume={8},
  pages={169259--169271},
  year={2020},
  publisher={IEEE}
}

@article {Schmidt81,
  author = {Schmidt, Michael and Lipson, Hod},
  title = {Distilling Free-Form Natural Laws from Experimental Data},
  volume = {324},
  number = {5923},
  pages = {81--85},
  year = {2009},
  publisher = {American Association for the Advancement of Science},
  issn = {0036-8075},
  journal = {Science},
  doi = {10.1126/science.1165893}
}

@article{PhysRevMaterials.2.083802,
  title = {SISSO: A compressed-sensing method for identifying the best low-dimensional descriptor in an immensity of offered candidates},
  author = {Ouyang, Runhai and Curtarolo, Stefano and Ahmetcik, Emre and Scheffler, Matthias and Ghiringhelli, Luca M.},
  journal = {Physical Review Materials},
  volume = {2},
  issue = {8},
  pages = {083802},
  numpages = {11},
  year = {2018},
  publisher = {American Physical Society},
  doi = {10.1103/physrevmaterials.2.083802}
}

@article{10.2307/2346178,
 ISSN = {00359246},
 author = {Robert Tibshirani},
 journal = {Journal of the Royal Statistical Society. Series B (Methodological)},
 number = {1},
 pages = {267--288},
 publisher = {Royal Statistical Society, Wiley},
 title = {Regression Shrinkage and Selection via the Lasso},
 volume = {58},
 year = {1996},
 doi = {10.1111/j.2517-6161.1996.tb02080.x}
}

@misc{markus_quade_sparsereg,
  author       = {Markus Quade},
  title        = {sparsereg - collection of modern sparse regression algorithms},
  month        = feb,
  year         = 2018,
  doi          = {10.5281/zenodo.1173754},
  url          = {https://github.com/ohjeah/sparsereg}
}

@article{Sorokina2016oe,
  Author = {Sorokina, Mariia and Sygletos, Stylianos and Turitsyn, Sergei},
  Journal = {Optics express},
  Number = {26},
  Pages = {30433--30443},
  Publisher = {Optical Society of America},
  Title = {Sparse identification for nonlinear optical communication systems: {SINO} method},
  Volume = {24},
  Year = {2016},
  doi = {10.1364/oe.24.030433}
}

@article{Hoffmann2018,
  Author = {Hoffmann, Moritz and Fr{\"o}hner, Christoph and No{\'e}, Frank},
  Journal = {Journal of Chemical Physics},
  Number = {025101},
  Title = {Reactive {SINDy}: Discovering governing reactions from concentration data},
  Volume = {150},
  Year = {2019},
  doi = {10.1063/1.5066099}
}

@article{Dam2017pf,
  Author = {Dam, Magnus and Br{\o}ns, Morten and Juul Rasmussen, Jens and Naulin, Volker and Hesthaven, Jan S.},
  Journal = {Physics of Plasmas},
  Number = {2},
  Pages = {022310},
  Publisher = {AIP Publishing},
  Title = {Sparse identification of a predator-prey system from simulation data of a convection model},
  Volume = {24},
  Year = {2017},
  doi = {10.1063/1.4977057}
}

@article{lai2019sparse,
  Author = {Lai, Zhilu and Nagarajaiah, Satish},
  Journal = {Mechanical Systems and Signal Processing},
  Pages = {813--842},
  Publisher = {Elsevier},
  Title = {Sparse structural system identification method for nonlinear dynamic systems with hysteresis/inelastic behavior},
  Volume = {117},
  Year = {2019},
  doi = {10.1016/j.ymssp.2018.08.033}
}

@article{Rudy2017sciadv,
  Author = {Rudy, Samuel H and Brunton, Steven L and Proctor, Joshua L and Kutz, J Nathan},
  Journal = {Science Advances},
  Number = {e1602614},
  Title = {Data-driven discovery of partial differential equations},
  Volume = {3},
  Year = {2017},
  doi = {10.1126/sciadv.1602614}
}

@inproceedings{Schaeffer2017prsa,
  Author = {Schaeffer, Hayden},
  Booktitle = {Proceedings of the Royal Society A},
  Number = {2197},
  Organization = {The Royal Society},
  Pages = {20160446},
  Title = {Learning partial differential equations via data discovery and sparse optimization},
  Volume = {473},
  Year = {2017},
  doi = {10.1098/rspa.2016.0446}
}

@article{tran2017exact,
  title = {Exact recovery of chaotic systems from highly corrupted data},
  author = {Tran, Giang and Ward, Rachel},
  journal = {Multiscale Modeling \& Simulation},
  volume = {15},
  number = {3},
  pages = {1108--1129},
  year = {2017},
  publisher = {SIAM},
  doi = {10.1137/16m1086637}
}

@article{schaeffer2018extracting,
  Author = {Schaeffer, Hayden and Tran, Giang and Ward, Rachel},
  Journal = {SIAM Journal on Applied Mathematics},
  Number = {6},
  Pages = {3279--3295},
  Publisher = {SIAM},
  Title = {Extracting sparse high-dimensional dynamics from limited data},
  Volume = {78},
  Year = {2018},
  doi = {10.1137/18m116798x}
}

@article{Loiseau2017jfm,
  Author = {Loiseau, J.-C. and Brunton, Steven L.},
  Journal = {Journal of Fluid Mechanics},
  Pages = {42-67},
  Title = {Constrained Sparse {Galerkin} Regression},
  Volume = {838},
  Year = {2018},
  doi = {10.1017/jfm.2017.823}
}

@article{boninsegna2018sparse,
  title = {Sparse learning of stochastic dynamical equations},
  author = {Boninsegna, Lorenzo and N{\"u}ske, Feliks and Clementi, Cecilia},
  journal = {The Journal of chemical physics},
  volume = {148},
  number = {24},
  pages = {241723},
  year = {2018},
  publisher = {AIP Publishing LLC},
  doi = {10.1063/1.5018409}
}

@article{brunton2016SINDYc,
  title = {Sparse identification of nonlinear dynamics with control (SINDYc)},
  author = {Brunton, Steven L. and Proctor, Joshua L. and Kutz, J. Nathan},
  journal = {IFAC-PapersOnLine},
  volume = {49},
  number = {18},
  pages = {710--715},
  year = {2016},
  publisher = {Elsevier},
  doi = {10.1016/j.ifacol.2016.10.249}
}

@article{Schaeffer2017pre,
  Author = {Schaeffer, Hayden and McCalla, Scott G},
  Journal = {Physical Review E},
  Number = {2},
  Pages = {023302},
  Publisher = {APS},
  Title = {Sparse model selection via integral terms},
  Volume = {96},
  Year = {2017},
  doi = {10.1103/physreve.96.023302}
}

@article{Raissi2019jcp,
title = {Physics-informed neural networks: A deep learning framework for solving forward and inverse problems involving nonlinear partial differential equations},
journal = {Journal of Computational Physics},
volume = {378},
pages = {686-707},
year = {2019},
issn = {0021-9991},
doi = {https://doi.org/10.1016/j.jcp.2018.10.045},
url = {https://www.sciencedirect.com/science/article/pii/S0021999118307125},
author = {Raissi, Maziar and Perdikaris, Paris and Karniadakis, George Em},
keywords = {Data-driven scientific computing, Machine learning, Predictive modeling, Runge–Kutta methods, Nonlinear dynamics},
}

@article{Kaiser2018prsa,
  Author = {Kaiser, Eurika and Kutz, J Nathan and Brunton, Steven L},
  Journal = {Proceedings of the Royal Society of London A},
  Number = {2219},
  Title = {Sparse identification of nonlinear dynamics for model predictive control in the low-data limit},
  Volume = {474},
  Year = {2018},
  doi = {10.1098/rspa.2018.0335}
}

@article{Thaler2019jcp,
  Author = {Thaler, Stephan and Paehler, Ludger and Adams, Nikolaus A},
  Journal = {Journal of Computational Physics},
  Pages = {108851},
  Publisher = {Elsevier},
  Title = {Sparse identification of truncation errors},
  Volume = {397},
  Year = {2019},
  doi = {10.1016/j.jcp.2019.07.049}
}

@article{Loiseau2019data,
  title={Data-driven modeling of the chaotic thermal convection in an annular thermosyphon},
  author={Loiseau, Jean-Christophe},
  journal={Theoretical and Computational Fluid Dynamics},
  volume={34},
  number={4},
  pages={339--365},
  year={2020},
  publisher={Springer}
}

@article{Reinbold2020pre,
  Author = {Reinbold, Patrick AK and Gurevich, Daniel R and Grigoriev, Roman O},
  Journal = {Physical Review E},
  Number = {1},
  Pages = {010203},
  Publisher = {APS},
  Title = {Using noisy or incomplete data to discover models of spatiotemporal dynamics},
  Volume = {101},
  Year = {2020},
  doi = {10.1103/physreve.101.010203}
}

@article{Gelss2019mindy,
  Author = {Gel{\ss}, Patrick and Klus, Stefan and Eisert, Jens and Sch{\"u}tte, Christof},
  Journal = {Journal of Computational and Nonlinear Dynamics},
  Number = {6},
  Publisher = {American Society of Mechanical Engineers Digital Collection},
  Title = {Multidimensional approximation of nonlinear dynamical systems},
  Volume = {14},
  Year = {2019},
  doi = {10.1115/1.4043148}
}


@article{schmid2022dynamic,
	author = {Schmid, Peter J},
	journal = {Annual Review of Fluid Mechanics},
	pages = {225--254},
	title = {Dynamic mode decomposition and its variants},
	volume = {54},
	year = {2022}}


@article{Askham2018siads,
	author = {Askham, Travis and Kutz, J Nathan},
	journal = {SIAM Journal on Applied Dynamical Systems},
	number = {1},
	pages = {380--416},
	title = {Variable projection methods for an optimized dynamic mode decomposition},
	volume = {17},
	year = {2018}}


@article{Taira2017aiaa,
	author = {Taira, Kunihiko and Brunton, Steven L and Dawson, Scott and Rowley, Clarence W and Colonius, Tim and McKeon, Beverley J and Schmidt, Oliver T and Gordeyev, Stanislav and Theofilis, Vassilios and Ukeiley, Lawrence S},
	journal = {AIAA Journal},
	number = {12},
	pages = {4013--4041},
	title = {Modal analysis of fluid flows: An overview},
	volume = {55},
	year = {2017}}

@article{Taira2020aiaaj,
	author = {Taira, Kunihiko and Hemati, Maziar S and Brunton, Steven L and Sun, Yiyang and Duraisamy, Karthik and Bagheri, Shervin and Dawson, Scott and Yeh, Chi-An},
	journal = {AIAA Journal},
	number = {3},
	pages = {998--1022},
	title = {Modal Analysis of Fluid Flows: Applications and Outlook},
	volume = {58},
	year = {2020}}


@inproceedings{Takeishi2017nips,
	author = {Takeishi, Naoya and Kawahara, Yoshinobu and Yairi, Takehisa},
	booktitle = {Advances in Neural Information Processing Systems},
	pages = {1130--1140},
	title = {Learning Koopman Invariant Subspaces for Dynamic Mode Decomposition},
	year = {2017}}



@article{colbrook2021rigorous,
	author = {Colbrook, Matthew J and Townsend, Alex},
	journal = {arXiv preprint arXiv:2111.14889},
	title = {Rigorous data-driven computation of spectral properties of Koopman operators for dynamical systems},
	year = {2021}}

@article{colbrook2022mpedmd,
	author = {Colbrook, Matthew J},
	journal = {arXiv preprint arXiv:2209.02244},
	title = {The mpEDMD algorithm for data-driven computations of measure-preserving dynamical systems},
	year = {2022}}

@article{colbrook2023residual,
	author = {Colbrook, Matthew J and Ayton, Lorna J and Sz{\H{o}}ke, M{\'a}t{\'e}},
	journal = {Journal of Fluid Mechanics},
	pages = {A21},
	title = {Residual dynamic mode decomposition: robust and verified Koopmanism},
	volume = {955},
	year = {2023}}


@article{baddoo2023physics,
	author = {Baddoo, Peter J and Herrmann, Benjamin and McKeon, Beverley J and Nathan Kutz, J and Brunton, Steven L},
	journal = {Proceedings of the Royal Society A},
	number = {2271},
	pages = {20220576},
	title = {Physics-informed dynamic mode decomposition},
	volume = {479},
	year = {2023}}


@article{peitz2019koopman,
	author = {Peitz, Sebastian and Klus, Stefan},
	journal = {Automatica},
	pages = {184--191},
	title = {Koopman operator-based model reduction for switched-system control of PDEs},
	volume = {106},
	year = {2019}}

@article{peitz2020data,
	author = {Peitz, Sebastian and Otto, Samuel E and Rowley, Clarence W},
	journal = {SIAM Journal on Applied Dynamical Systems},
	number = {3},
	pages = {2162--2193},
	title = {Data-driven model predictive control using interpolated Koopman generators},
	volume = {19},
	year = {2020}}

@article{hoffmann2021deeptime,
	author = {Hoffmann, Moritz and Scherer, Martin and Hempel, Tim and Mardt, Andreas and de Silva, Brian and Husic, Brooke E and Klus, Stefan and Wu, Hao and Kutz, Nathan and Brunton, Steven L and others},
	journal = {Machine Learning: Science and Technology},
	number = {1},
	pages = {015009},
	title = {Deeptime: a Python library for machine learning dynamical models from time series data},
	volume = {3},
	year = {2021}}


@article{Proctor2017siads,
	author = {Proctor, Joshua L and Brunton, Steven L and Kutz, J Nathan},
	journal = {SIAM Journal on Applied Dynamical Systems},
	number = {1},
	pages = {909--930},
	title = {Generalizing {K}oopman Theory to allow for inputs and control},
	volume = {17},
	year = {2018}}
